% From the Overleaf Citations reference page https://www.overleaf.com/learn/latex/Bibliography_management_with_biblatex

@article{einstein,
    author =       "Albert Einstein",
    title =        "{Zur Elektrodynamik bewegter K{\"o}rper}. ({German})
    [{On} the electrodynamics of moving bodies]",
    journal =      "Annalen der Physik",
    volume =       "322",
    number =       "10",
    pages =        "891--921",
    year =         "1905",
    DOI =          "http://dx.doi.org/10.1002/andp.19053221004",
    keywords =     "physics"
}

@book{dirac,
    title={The Principles of Quantum Mechanics},
    author={Paul Adrien Maurice Dirac},
    isbn={9780198520115},
    series={International series of monographs on physics},
    year={1981},
    publisher={Clarendon Press},
    keywords = {physics}
}

@online{knuthwebsite,
    author    = "Donald Knuth",
    title     = "Knuth: Computers and Typesetting",
    url       = "http://www-cs-faculty.stanford.edu/~uno/abcde.html",
    keywords  = "latex,knuth"
}

@inbook{knuth-fa,
    author = "Donald E. Knuth",
    title = "Fundamental Algorithms",
    publisher = "Addison-Wesley",
    year = "1973",
    chapter = "1.2",
    keywords  = "knuth,programming"
}

@thesis{lopes_sistemas_2009,
	title = {Sistemas hápticos no apoio à educação: estudo da aerodinâmica},
	rights = {{openAccess}},
	url = {https://recipp.ipp.pt/handle/10400.22/2613},
	shorttitle = {Sistemas hápticos no apoio à educação},
	abstract = {É considerado um dos problemas na educação o facto de a aprendizagem poder
ser muito baseada no uso da teoria. Sendo as experiências do ser humano uma grande
parte da forma como vemos e vivemos o mundo, torna-se imprescindível o hábito da
prática na formação do nosso conhecimento. Embora a teoria seja sempre necessária na
construção de conceitos, deve ser complementada com a experiência de forma a
consolidar a aprendizagem para melhor noção da realidade.
Esta dissertação descreve uma didáctica para a integração de dispositivos hápticos
aplicados à educação, concebendo assim um novo e inovador método de ensino aliado à
prática. Dependendo da aceitação por parte dos alunos, este método de uso de tecnologia
na educação para fins práticos pode revelar-se revolucionário. Experiências que seriam
difíceis de realizar tornam-se possíveis de simular de uma forma real com a ajuda dos
sistemas hápticos, em que a variedade de matérias que as aplicações podem simular é
vasta.
Especificamente, este trabalho fundamenta-se no estudo da aerodinâmica no voo
com recurso a uma aplicação desenvolvida para o efeito e à potencialidade do aparelho
háptico Novint Falcon, um interface sensorial táctil entre uma pessoa e um computador,
de custo relativamente baixo em relação à generalidade dos preços deste tipo de
dispositivos.
Os testes que estudantes realizaram à aplicação revelaram grande interesse e
curiosidade pela novidade da tecnologia háptica e apreciação no conceito do seu uso
prático na educação. De forma geral, todos os alunos que participaram no ensaio do
programa transmitiram feedback positivo, expressando maior ganho de motivação e
desejo em ver este sistema aplicado a outras disciplinas.},
	institution = {Instituto Politécnico do Porto. Instituto Superior de Engenharia do Porto},
	type = {{masterThesis}},
	author = {Lopes, Duarte},
	urldate = {2023-06-18},
	date = {2009},
	note = {Accepted: 2013-11-07T11:57:12Z},
	file = {Full Text PDF:/home/josesanches/snap/zotero-snap/common/Zotero/storage/96JCKSHV/Lopes - 2009 - Sistemas hápticos no apoio à educação estudo da a.pdf:application/pdf},
}

@misc{noauthor_manual_2020,
	title = {{MANUAL} {DE} {OPERAÇÃO} {CHIPMUNK} {MK}20},
	shorttitle = {Manual De Operação},
	date = {2020-05},
}

@article{leishman_aircraft_2023,
	title = {Aircraft Equations of Motion},
	url = {https://eaglepubs.erau.edu/introductiontoaerospaceflightvehicles/chapter/aircraft-equations-of-motion/},
	doi = {10.15394/eaglepub.2022.1066.n27},
	author = {Leishman, J. Gordon},
	urldate = {2023-06-18},
	date = {2023-01-01},
	langid = {english},
	note = {Book Title: Introduction to Aerospace Flight Vehicles
Publisher: Embry-Riddle Aeronautical University},
	file = {Snapshot:/home/josesanches/snap/zotero-snap/common/Zotero/storage/EXE7GWWE/aircraft-equations-of-motion.html:text/html},
}
